@article{bar2006sorcerer,
  title={The sorcerer's apprentice guide to fault attacks},
  author={Bar-El, Hagai and Choukri, Hamid and Naccache, David and Tunstall, Michael and Whelan, Claire},
  journal={Proceedings of the IEEE},
  volume={94},
  number={2},
  pages={370-382},
  year={2006},
  publisher={IEEE}
}

@article{karaklajic2013hardware,
  title={Hardware designer's guide to fault attacks},
  author={Karaklaji{\'c}, Du{\v{s}}ko and Schmidt, J{\"o}rn-Marc and Verbauwhede, Ingrid},
  journal={IEEE Transactions on Very Large Scale Integration (VLSI) Systems},
  volume={21},
  number={12},
  pages={2295-2306},
  year={2013},
  publisher={IEEE}
}

@ARTICLE{Shukla2023An,
  author={Shukla, Satyam and Utkarsh and Azam, Md and Ray, Kailash Chandra},
  journal={IEEE Transactions on Circuits and Systems I: Regular Papers}, 
  title={An Efficient Fault-Tolerant Instruction Decoder for RISC-V Based Dual-Core Soft-Processors}, 
  year={2023},
  volume={70},
  number={12},
  pages={4816-4825},
  doi={10.1109/TCSI.2023.3315604}
}

@ARTICLE{Ramos2018Efficient,
  author={Ramos, Alexis and Ullah, Anees and Reviriego, Pedro and Maestro, Juan Antonio},
  journal={IEEE Transactions on Computers}, 
  title={Efficient Protection of the Register File in Soft-Processors Implemented on Xilinx FPGAs}, 
  year={2018},
  volume={67},
  number={2},
  pages={299-304},
  doi={10.1109/TC.2017.2737996}
}

@INPROCEEDINGS{Medwed2011Arithmetic,
  author={Medwed, Marcel and Mangard, Stefan},
  booktitle={2011 Design, Automation and Test in Europe}, 
  title={Arithmetic logic units with high error detection rates to counteract fault attacks}, 
  year={2011},
  pages={1-6},
  doi={10.1109/DATE.2011.5763261}
}

@inproceedings{mishra2024faults,
  title={Faults in Our Bus: Novel Bus Fault Attack to Break ARM TrustZone},
  author={Mishra, Nimish and Chakraborty, Anirban and Mukhopadhyay, Debdeep},
  booktitle={Network and distributed system security symposium},
  year={2024}
}

@inproceedings{mitic2006survey,
  title={A survey of three system-on-chip buses: Amba, coreconnect and wishbone},
  author={Miti{\'c}, Milica and Stoj{\v{c}}ev, Mile},
  booktitle={Proc. 41st Int. Conf. Inform. Commun. Energy Syst. Technol.(ICEST)},
  pages={282--285},
  year={2006},
  publisher={Citeseer}
}

@inproceedings{zhao2024communication,
  author={Zhao, Hongwei and Lapotre, Vianney and Gogniat, Guy},
  booktitle={2024 IEEE International Conference on Cyber Security and Resilience (CSR)},
  title={Communication Architecture Under Siege: An In-depth Analysis of Fault Attack Vulnerabilities and Countermeasures},
  pages={890--896},
  year={2024},
  organization={IEEE}
}

@inproceedings{agoyan2010clocks,
  title={When clocks fail: On critical paths and clock faults},
  author={Agoyan, Michel and Dutertre, Jean-Max and Naccache, David and Robisson, Bruno and Tria, Assia},
  booktitle={International conference on smart card research and advanced applications},
  pages={182--193},
  year={2010},
  publisher={Springer}
}

@inproceedings{selmke2019peak,
  title={Peak clock: Fault injection into PLL-based systems via clock manipulation},
  author={Selmke, Bodo and Hauschild, Florian and Obermaier, Johannes},
  booktitle={Proceedings of the 3rd ACM Workshop on Attacks and Solutions in Hardware Security Workshop},
  pages={85--94},
  year={2019}
}

@inproceedings{selmane2008practical,
  title={Practical setup time violation attacks on AES},
  author={Selmane, Nidhal and Guilley, Sylvain and Danger, Jean-Luc},
  booktitle={2008 Seventh European Dependable Computing Conference},
  pages={91--96},
  year={2008},
  publisher={IEEE}
}

@inproceedings{zussa2013power,
  title={Power supply glitch induced faults on FPGA: An in-depth analysis of the injection mechanism},
  author={Zussa, Loic and Dutertre, Jean-Max and Clediere, Jessy and Tria, Assia},
  booktitle={2013 IEEE 19th International On-Line Testing Symposium (IOLTS)},
  pages={110--115},
  year={2013},
  publisher={IEEE}
}

@article{trouchkine2021electromagnetic,
  title={Electromagnetic fault injection against a complex CPU, toward new micro-architectural fault models},
  author={Trouchkine, Thomas and Bukasa, S{\'e}banjila Kevin and Escouteloup, Mathieu and Lashermes, Ronan and Bouffard, Guillaume},
  journal={Journal of Cryptographic Engineering},
  volume={11},
  number={4},
  pages={353--367},
  year={2021},
  publisher={Springer}
}

@inproceedings{trouchkine2021fault,
  title={EM fault model characterization on SoCs: from different architectures to the same fault model},
  author={Trouchkine, Thomas and Bouffard, Guillaume and Cl{\'e}di{\`e}re, Jessy},
  booktitle={2021 Workshop on Fault Detection and Tolerance in Cryptography (FDTC)},
  pages={31--38},
  year={2021},
  organization={IEEE}
}

@inproceedings{quisquater2002eddy,
  title={Eddy current for magnetic analysis with active sensor},
  author={Quisquater, Jean-Jacques and Samyde, David},
  booktitle={Proceedings of eSMART},
  volume={2002},
  year={2002}
}

@inproceedings{sass2023oops,
  title={Oops..! I Glitched It Again! How to Multi-Glitch the Glitching-Protections on ARMTrustZone-M},
  author={Sa{\ss}, Xhani Marvin and Mitev, Richard and Sadeghi, Ahmad-Reza},
  booktitle={32nd USENIX Security Symposium (USENIX Security 23)},
  pages={6239--6256},
  year={2023}
}

@inproceedings{skorobogatov2003optical,
  title={Optical fault induction attacks},
  author={Skorobogatov, Sergei P and Anderson, Ross J},
  booktitle={Cryptographic Hardware and Embedded Systems-CHES 2002: 4th International Workshop Redwood Shores, CA, USA, August 13--15, 2002 Revised Papers 4},
  pages={2--12},
  year={2003},
  publisher={Springer}
}

@inproceedings{tobich2012yet,
  title={Yet another fault injection technique: by forward body biasing injection},
  author={TOBICH, Karim and MAURINE, Philippe and Ordas, Thomas and Liardet, Pierre Yvan},
  booktitle={YACC: Yet Another Conference on Cryptography},
  year={2012},
  publisher={Citeseer}
}

@inproceedings{o2021low,
  title={Low-cost body biasing injection (BBI) attacks on WLCSP devices},
  author={O’Flynn, Colin},
  booktitle="Smart Card Research and Advanced Applications",
  year="2021",
  publisher="Springer International Publishing",
  address="Cham",
  pages="166--180",
  isbn="978-3-030-68487-7"
}

@inproceedings{anceau2017nanofocused,
  author    = {St{\'e}phanie Anceau and Pierre Bleuet and Jessy Cl{\'e}di{\`e}re and Laurent Maingault and Jean-luc Rainard and R{\'e}mi Tucoulou},
  title     = {Nanofocused X-ray Beam to Reprogram Secure Circuits},
  booktitle = {Proceedings of the 19th International Conference on Cryptographic Hardware and Embedded Systems (CHES)},
  year      = {2017},
  pages     = {175--188},
  publisher = {Springer},
  doi       = {10.1007/978-3-319-66787-4_9}
}


@article{alshaer2022cross,
  title={Cross-layer inference methodology for microarchitecture-aware fault models},
  author={Alshaer, Ihab and Colombier, Brice and Deleuze, Christophe and Maistri, Paolo and Beroulle, Vincent},
  journal={Microelectronics Reliability},
  volume={139},
  pages={114841},
  year={2022},
  publisher={Elsevier}
}

@inproceedings{dehbaoui2013electromagnetic,
  title={Electromagnetic glitch on the AES round counter},
  author={Dehbaoui, Amine and Mirbaha, Amir-Pasha and Moro, Nicolas and Dutertre, Jean-Max and Tria, Assia},
  booktitle={International Workshop on Constructive Side-Channel Analysis and Secure Design},
  pages={17--31},
  year={2013},
  publisher={Springer}
}

@inproceedings{riviere2015high,
  title={High precision fault injections on the instruction cache of ARMv7-M architectures},
  author={Riviere, Lionel and Najm, Zakaria and Rauzy, Pablo and Danger, Jean-Luc and Bringer, Julien and Sauvage, Laurent},
  booktitle={2015 IEEE International Symposium on Hardware Oriented Security and Trust (HOST)},
  pages={62--67},
  year={2015},
  publisher={IEEE}
}

@article{nashimoto2017buffer,
  title={Buffer overflow attack with multiple fault injection and a proven countermeasure},
  author={Nashimoto, Shoei and Homma, Naofumi and Hayashi, Yu-ichi and Takahashi, Junko and Fuji, Hitoshi and Aoki, Takafumi},
  journal={Journal of Cryptographic Engineering},
  volume={7},
  pages={35--46},
  year={2017},
  publisher={Springer}
}

@inproceedings{khuat2021laser,
  title={Laser fault injection in a 32-bit microcontroller: from the flash interface to the execution pipeline},
  author={Khuat, Vanthanh and Danger, Jean-Luc and Dutertre, Jean-Max},
  booktitle={2021 Workshop on Fault Detection and Tolerance in Cryptography (FDTC)},
  pages={74--85},
  year={2021},
  publisher={IEEE}
}

@inproceedings{balasch2011depth,
  title={An in-depth and black-box characterization of the effects of clock glitches on 8-bit MCUs},
  author={Balasch, Josep and Gierlichs, Benedikt and Verbauwhede, Ingrid},
  booktitle={2011 Workshop on Fault Diagnosis and Tolerance in Cryptography},
  pages={105--114},
  year={2011},
  publisher={IEEE}
}

@inproceedings{timmers2016controlling,
  title={Controlling PC on ARM using fault injection},
  author={Timmers, Niek and Spruyt, Albert and Witteman, Marc},
  booktitle={2016 Workshop on Fault Diagnosis and Tolerance in Cryptography (FDTC)},
  pages={25--35},
  year={2016},
  publisher={IEEE}
}

@INPROCEEDINGS{Tollec2022exploration,
  author={Tollec, Simon and Asavoae, Mihail and Couroussé, Damien and Heydemann, Karine and Jan, Mathieu},
  booktitle={2022 Workshop on Fault Detection and Tolerance in Cryptography (FDTC)}, 
  title={Exploration of Fault Effects on Formal RISC-V Microarchitecture Models}, 
  year={2022},
  volume={},
  number={},
  pages={73-83},
  doi={10.1109/FDTC57191.2022.00017}
}


@inproceedings{alshaer2022variable,
  title={Variable-length instruction set: Feature or bug?},
  author={Alshaer, Ihab and Colombier, Brice and Deleuze, Christophe and Beroulle, Vincent and Maistri, Paolo},
  booktitle={2022 25th Euromicro Conference on Digital System Design (DSD)},
  pages={464--471},
  year={2022},
  publisher={IEEE}
}

@article{barenghi2012fault,
  title={Fault injection attacks on cryptographic devices: Theory, practice, and countermeasures},
  author={Barenghi, Alessandro and Breveglieri, Luca and Koren, Israel and Naccache, David},
  journal={Proceedings of the IEEE},
  volume={100},
  number={11},
  pages={3056--3076},
  year={2012},
  publisher={IEEE}
}

@misc{marc2012fault,
  title={Fault Analysis in Cryptography Information Security and Cryptography},
  author={Marc, Joye and Michael, Tunstall},
  year={2012},
  url = {https://lazart.gricad-pages.univ-grenoble-alpes.fr/fissc/},
  organization={Springer-Verlag Berlin Heidelberg}
}

@INPROCEEDINGS{7917080,
  author={Thing, Vrizlynn L.L. and Wu, Jiaxi},
  booktitle={2016 IEEE International Conference on Internet of Things (iThings) and IEEE Green Computing and Communications (GreenCom) and IEEE Cyber, Physical and Social Computing (CPSCom) and IEEE Smart Data (SmartData)}, 
  title={Autonomous Vehicle Security: A Taxonomy of Attacks and Defences}, 
  year={2016},
  volume={},
  number={},
  pages={164-170},
  doi={10.1109/iThings-GreenCom-CPSCom-SmartData.2016.52}
}

@ARTICLE{4431854,
  author={Halperin, Daniel and Heydt-Benjamin, Thomas S. and Fu, Kevin and Kohno, Tadayoshi and Maisel, William H.},
  journal={IEEE Pervasive Computing}, 
  title={Security and Privacy for Implantable Medical Devices}, 
  year={2008},
  volume={7},
  number={1},
  pages={30-39},
  doi={10.1109/MPRV.2008.16}
}

@ARTICLE{9684471,
  author={Safari, Sepideh and Ansari, Mohsen and Khdr, Heba and Gohari-Nazari, Pourya and Yari-Karin, Sina and Yeganeh-Khaksar, Amir and Hessabi, Shaahin and Ejlali, Alireza and Henkel, Jörg},
  journal={IEEE Access}, 
  title={A Survey of Fault-Tolerance Techniques for Embedded Systems From the Perspective of Power, Energy, and Thermal Issues}, 
  year={2022},
  volume={10},
  number={},
  pages={12229-12251},
  doi={10.1109/ACCESS.2022.3144217}
}

@ARTICLE{6856140,
  author={Bhunia, Swarup and Hsiao, Michael S. and Banga, Mainak and Narasimhan, Seetharam},
  journal={Proceedings of the IEEE}, 
  title={Hardware Trojan Attacks: Threat Analysis and Countermeasures}, 
  year={2014},
  volume={102},
  number={8},
  pages={1229-1247},
  doi={10.1109/JPROC.2014.2334493}
}

@INPROCEEDINGS{6832045,
  author={Wang, Huaijun and Fang, Dingyi and Dong, Hao and Lei, Yuanxiao and Gong, Xiaoqing and Gu, Yuanxiang},
  booktitle={2013 IEEE 10th International Conference on High Performance Computing and Communications \& 2013 IEEE International Conference on Embedded and Ubiquitous Computing}, 
  title={Software Attack Modeling and Its Application}, 
  year={2013},
  volume={},
  number={},
  pages={1152-1158},
  keywords={Software;Software protection;Automation;Complexity theory;Security;Firing;Reverse engineering;software attack;attack model;attack guidance;software protection;effectiveness evaluation},
  doi={10.1109/HPCC.and.EUC.2013.163}}

@INPROCEEDINGS{6832002,
  author={Wang, Huaijun and Fang, Dingyi and Wang, Ni and Tang, Zhanyong and Chen, Feng and Gu, Yuanxiang},
  booktitle={2013 IEEE 10th International Conference on High Performance Computing and Communications \& 2013 IEEE International Conference on Embedded and Ubiquitous Computing}, 
  title={Method to Evaluate Software Protection Based on Attack Modeling}, 
  year={2013},
  volume={},
  number={},
  pages={837-844},
  doi={10.1109/HPCC.and.EUC.2013.120}
}

@INPROCEEDINGS{1467812,
  author={Chen, S. and Xu, J. and Nakka, N. and Kalbarczyk, Z. and Iyer, R.K.},
  booktitle={2005 International Conference on Dependable Systems and Networks (DSN'05)}, 
  title={Defeating memory corruption attacks via pointer taintedness detection}, 
  year={2005},
  volume={},
  number={},
  pages={378-387},
  doi={10.1109/DSN.2005.36}}

@INPROCEEDINGS{821514,
  author={Cowan, C. and Wagle, F. and Calton Pu and Beattie, S. and Walpole, J.},
  booktitle={Proceedings DARPA Information Survivability Conference and Exposition. DISCEX'00}, 
  title={Buffer overflows: attacks and defenses for the vulnerability of the decade}, 
  year={2000},
  volume={2},
  number={},
  pages={119-129 vol.2},
  doi={10.1109/DISCEX.2000.821514}}

@INPROCEEDINGS{9251949,
  author={Skarlatos, Dimitrios and Chen, Qingrong and Chen, Jianyan and Xu, Tianyin and Torrellas, Josep},
  booktitle={2020 53rd Annual IEEE/ACM International Symposium on Microarchitecture (MICRO)}, 
  title={Draco: Architectural and Operating System Support for System Call Security}, 
  year={2020},
  volume={},
  number={},
  pages={42-57},
  doi={10.1109/MICRO50266.2020.00017}}

@article{yuce2018fault,
  title={Fault attacks on secure embedded software: Threats, design, and evaluation},
  author={Yuce, Bilgiday and Schaumont, Patrick and Witteman, Marc},
  journal={Journal of Hardware and Systems Security},
  volume={2},
  pages={111--130},
  year={2018},
  publisher={Springer}
}

@inproceedings{chen2011linux,
  title={Linux kernel vulnerabilities: State-of-the-art defenses and open problems},
  author={Chen, Haogang and Mao, Yandong and Wang, Xi and Zhou, Dong and Zeldovich, Nickolai and Kaashoek, M Frans},
  booktitle={Proceedings of the Second Asia-Pacific Workshop on Systems},
  pages={1--5},
  year={2011}
}

@inproceedings{redini2017bootstomp,
  title={$\{$BootStomp$\}$: On the security of bootloaders in mobile devices},
  author={Redini, Nilo and Machiry, Aravind and Das, Dipanjan and Fratantonio, Yanick and Bianchi, Antonio and Gustafson, Eric and Shoshitaishvili, Yan and Kruegel, Christopher and Vigna, Giovanni},
  booktitle={26th USENIX Security Symposium (USENIX Security 17)},
  pages={781--798},
  year={2017}
}

@article{ling2023adversarial,
  title={Adversarial attacks against Windows PE malware detection: A survey of the state-of-the-art},
  author={Ling, Xiang and Wu, Lingfei and Zhang, Jiangyu and Qu, Zhenqing and Deng, Wei and Chen, Xiang and Qian, Yaguan and Wu, Chunming and Ji, Shouling and Luo, Tianyue and others},
  journal={Computers \& Security},
  volume={128},
  pages={103134},
  year={2023},
  publisher={Elsevier}
}

@inproceedings{sinanovic2017analysis,
  title={Analysis of Mirai malicious software},
  author={Sinanovi{\'c}, Hamdija and Mrdovic, Sasa},
  booktitle={2017 25th International Conference on Software, Telecommunications and Computer Networks (SoftCOM)},
  pages={1--5},
  year={2017},
  organization={IEEE}
}

@article{alam2020soft,
  title={Soft-HaT: Software-Based Silicon Reprogramming for Hardware Trojan Implementation},
  author={Alam, Md Mahbub and Nahiyan, Adib and Sadi, Mehdi and Forte, Domenic and Tehranipoor, Mark},
  journal={ACM Transactions on Design Automation of Electronic Systems (TODAES)},
  volume={25},
  number={4},
  pages={1--22},
  year={2020},
  publisher={ACM New York, NY, USA}
}

@inproceedings{hayati2008modeling,
  title={Modeling input validation in uml},
  author={Hayati, Pedram and Jafari, Nastaran and Rezaei, S Mohammad and Sarenche, Saeed and Potdar, Vidyasagar},
  booktitle={19th Australian Conference on Software Engineering (aswec 2008)},
  pages={663--672},
  year={2008},
  organization={IEEE}
}

@inproceedings{alhamed2013stacking,
  title={" Stacking the Deck" Attack on Software Updates: Solution by Distributed Recommendation of Testers},
  author={Alhamed, Khalid and Silaghi, Marius C and Hussien, Ihsan and Stansifer, Ryan and Yang, Yi},
  booktitle={2013 IEEE/WIC/ACM International Joint Conferences on Web Intelligence (WI) and Intelligent Agent Technologies (IAT)},
  volume={2},
  pages={293--300},
  year={2013},
  organization={IEEE}
}

@ARTICLE{7081075,
  author={Yan, Qiao and Yu, F. Richard},
  journal={IEEE Communications Magazine}, 
  title={Distributed denial of service attacks in software-defined networking with cloud computing}, 
  year={2015},
  volume={53},
  number={4},
  pages={52-59},
  doi={10.1109/MCOM.2015.7081075}}

@article{tol2022toward,
  title={Toward realistic backdoor injection attacks on dnns using rowhammer},
  author={Tol, M Caner and Islam, Saad and Sunar, Berk and Zhang, Ziming},
  journal={arXiv preprint arXiv:2110.07683},
  year={2022}
}

@inproceedings{bettayeb2019firmware,
  title={Firmware update attacks and security for IoT devices: Survey},
  author={Bettayeb, Meriem and Nasir, Qassim and Talib, Manar Abu},
  booktitle={Proceedings of the ArabWIC 6th Annual International Conference Research Track},
  pages={1--6},
  year={2019}
}

@inproceedings{davi2010privilege,
  title={Privilege escalation attacks on android},
  author={Davi, Lucas and Dmitrienko, Alexandra and Sadeghi, Ahmad-Reza and Winandy, Marcel},
  booktitle={international conference on Information security},
  pages={346--360},
  year={2010},
  organization={Springer}
}

@inproceedings{checkoway2010return,
  title={Return-oriented programming without returns},
  author={Checkoway, Stephen and Davi, Lucas and Dmitrienko, Alexandra and Sadeghi, Ahmad-Reza and Shacham, Hovav and Winandy, Marcel},
  booktitle={Proceedings of the 17th ACM conference on Computer and communications security},
  pages={559--572},
  year={2010}
}

@inproceedings{bletsch2011jump,
  title={Jump-oriented programming: a new class of code-reuse attack},
  author={Bletsch, Tyler and Jiang, Xuxian and Freeh, Vince W and Liang, Zhenkai},
  booktitle={Proceedings of the 6th ACM symposium on information, computer and communications security},
  pages={30--40},
  year={2011}
}

@inproceedings{bertani2023untangle,
  title={Untangle: Aiding global function pointer hijacking for post-cet binary exploitation},
  author={Bertani, Alessandro and Bonelli, Marco and Binosi, Lorenzo and Carminati, Michele and Zanero, Stefano and Polino, Mario},
  booktitle={International Conference on Detection of Intrusions and Malware, and Vulnerability Assessment},
  pages={256--275},
  year={2023},
  organization={Springer}
}

@article{isawa2013generic,
  title={Generic unpacking method using data execution prevention},
  author={Isawa, Ryoichi and Kamizono, Masaki and Inoue, Daisuke},
  journal={IEICE Technical Report; IEICE Tech. Rep.},
  volume={113},
  number={95},
  pages={73--78},
  year={2013},
  publisher={IEICE}
}

@inproceedings{werner2016no,
  title={No-execute-after-read: Preventing code disclosure in commodity software},
  author={Werner, Jan and Baltas, George and Dallara, Rob and Otterness, Nathan and Snow, Kevin Z and Monrose, Fabian and Polychronakis, Michalis},
  booktitle={Proceedings of the 11th ACM on Asia Conference on Computer and Communications Security},
  pages={35--46},
  year={2016}
}

@article{chen2013jitsafe,
  title={JITSafe: a framework against Just-in-time spraying attacks},
  author={Chen, Ping and Wu, Rui and Mao, Bing},
  journal={IET Information Security},
  volume={7},
  number={4},
  pages={283--292},
  year={2013},
  publisher={Wiley Online Library}
}

@inproceedings{wang2013metasymploit,
  title={$\{$MetaSymploit$\}$:$\{$Day-One$\}$ Defense against Script-based Attacks with $\{$Security-Enhanced$\}$ Symbolic Analysis},
  author={Wang, Ruowen and Ning, Peng and Xie, Tao and Chen, Quan},
  booktitle={22nd USENIX Security Symposium (USENIX Security 13)},
  pages={65--80},
  year={2013}
}

@inproceedings{xu2017novel,
  title={Novel bypass attack and BDD-based tradeoff analysis against all known logic locking attacks},
  author={Xu, Xiaolin and Shakya, Bicky and Tehranipoor, Mark M and Forte, Domenic},
  booktitle={Cryptographic Hardware and Embedded Systems--CHES 2017: 19th International Conference, Taipei, Taiwan, September 25-28, 2017, Proceedings},
  pages={189--210},
  year={2017},
  organization={Springer}
}

@article{yuce2018fault,
  title={Fault attacks on secure embedded software: Threats, design, and evaluation},
  author={Yuce, Bilgiday and Schaumont, Patrick and Witteman, Marc},
  journal={Journal of Hardware and Systems Security},
  volume={2},
  pages={111--130},
  year={2018},
  publisher={Springer}
}

@INPROCEEDINGS{9251063,
  author={Chen, Zitao and Narayanan, Niranjhana and Fang, Bo and Li, Guanpeng and Pattabiraman, Karthik and DeBardeleben, Nathan},
  booktitle={2020 IEEE 31st International Symposium on Software Reliability Engineering (ISSRE)}, 
  title={TensorFI: A Flexible Fault Injection Framework for TensorFlow Applications}, 
  year={2020},
  volume={},
  number={},
  pages={426-435},
  doi={10.1109/ISSRE5003.2020.00047}}

@article{varady1997reverse,
  title={Reverse engineering of geometric models—an introduction},
  author={Varady, Tamas and Martin, Ralph R and Cox, Jordan},
  journal={Computer-aided design},
  volume={29},
  number={4},
  pages={255--268},
  year={1997},
  publisher={Elsevier}
}

@article{hsueh1997fault,
  title={Fault injection techniques and tools},
  author={Hsueh, Mei-Chen and Tsai, Timothy K and Iyer, Ravishankar K},
  journal={Computer},
  volume={30},
  number={4},
  pages={75--82},
  year={1997},
  publisher={IEEE}
}

@inproceedings{kelsey1998side,
  title={Side channel cryptanalysis of product ciphers},
  author={Kelsey, John and Schneier, Bruce and Wagner, David and Hall, Chris},
  booktitle={Computer Security—ESORICS 98: 5th European Symposium on Research in Computer Security Louvain-la-Neuve, Belgium September 16--18, 1998 Proceedings 5},
  pages={97--110},
  year={1998},
  organization={Springer}
}

@inproceedings{chakraborty2009hardware,
  title={Hardware Trojan: Threats and emerging solutions},
  author={Chakraborty, Rajat Subhra and Narasimhan, Seetharam and Bhunia, Swarup},
  booktitle={2009 IEEE International high level design validation and test workshop},
  pages={166--171},
  year={2009},
  organization={IEEE}
}

@inproceedings{buhren2021one,
  title={One glitch to rule them all: Fault injection attacks against amd's secure encrypted virtualization},
  author={Buhren, Robert and Jacob, Hans-Niklas and Krachenfels, Thilo and Seifert, Jean-Pierre},
  booktitle={Proceedings of the 2021 ACM SIGSAC Conference on Computer and Communications Security},
  pages={2875--2889},
  year={2021}
}

@inproceedings{biham1997differential,
  title={Differential fault analysis of secret key cryptosystems},
  author={Biham, Eli and Shamir, Adi},
  booktitle={Advances in Cryptology—CRYPTO'97: 17th Annual International Cryptology Conference Santa Barbara, California, USA August 17--21, 1997 Proceedings 17},
  pages={513--525},
  year={1997},
  organization={Springer}
}

@inproceedings{carlini2015control,
  title={$\{$Control-Flow$\}$ bending: On the effectiveness of $\{$Control-Flow$\}$ integrity},
  author={Carlini, Nicholas and Barresi, Antonio and Payer, Mathias and Wagner, David and Gross, Thomas R},
  booktitle={24th USENIX Security Symposium (USENIX Security 15)},
  pages={161--176},
  year={2015}
}

@inproceedings{bouffard2011combined,
  title={Combined software and hardware attacks on the java card control flow},
  author={Bouffard, Guillaume and Iguchi-Cartigny, Julien and Lanet, Jean-Louis},
  booktitle={International Conference on Smart Card Research and Advanced Applications},
  pages={283--296},
  year={2011},
  organization={Springer}
}

@INPROCEEDINGS{8740838,
  author={Wei, Shijia and Aysu, Aydin and Orshansky, Michael and Gerstlauer, Andreas and Tiwari, Mohit},
  booktitle={2019 IEEE International Symposium on Hardware Oriented Security and Trust (HOST)}, 
  title={Using Power-Anomalies to Counter Evasive Micro-Architectural Attacks in Embedded Systems}, 
  year={2019},
  volume={},
  number={},
  pages={111-120},
  doi={10.1109/HST.2019.8740838}}

@inproceedings{rodrigues2024busted,
  title={Busted!!! microarchitectural side-channel attacks on the MCU bus interconnect},
  author={Rodrigues, Cristiano and Oliveira, Daniel and Pinto, Sandro},
  booktitle={2024 IEEE Symposium on Security and Privacy (SP)},
  pages={3679--3696},
  year={2024},
  organization={IEEE}
}

@INPROCEEDINGS{5979407,
  author={Sun, Lin and Xu, Ping},
  booktitle={The Proceedings of 2011 9th International Conference on Reliability, Maintainability and Safety}, 
  title={Design and implement of RS-485 bus fault injection}, 
  year={2011},
  volume={},
  number={},
  pages={975-980},
  keywords={Computers;Prognostics and health management;Software;Real time systems;Monitoring;Testing;Computational modeling;PHM;Testability Validation;Fault injection;External-bus;RS-485;Simulation},
  doi={10.1109/ICRMS.2011.5979407}}

@INPROCEEDINGS{5196018,
  author={Eghbal, Ashkan and Yaghini, Pooria M. and Pedram, Hossein and Zarandi, Hamid R.},
  booktitle={2009 15th IEEE International On-Line Testing Symposium}, 
  title={Fault injection-based evaluation of a synchronous NoC router}, 
  year={2009},
  volume={},
  number={},
  pages={212-214},
  keywords={Network-on-a-chip;Circuit faults;Routing;Fault tolerance;Switches;Clocks;Single event upset;Crosstalk;Topology;Electromagnetic radiation},
  doi={10.1109/IOLTS.2009.5196018}}

@INPROCEEDINGS{8704559,
  author={Coelho, Alexandre and Zergainoh, Nacer-Eddine and Velazco, Raoul},
  booktitle={2019 IEEE Latin American Test Symposium (LATS)}, 
  title={NoCFI: A Hybrid Fault Injection Method for Networks-On-Chip}, 
  year={2019},
  volume={},
  number={},
  pages={1-6},
  keywords={Circuit faults;Computer architecture;Microprocessors;Transient analysis;Field programmable gate arrays;Logic gates;Layout;Fault injection;Network-On-Chip;Multiple bit upset (MBU);multiple event transient (MET);System-On-Chip;FPGA-Flow;ASIC-Flow},
  doi={10.1109/LATW.2019.8704559}}

  
@misc{wishbone_spec,
  author       = {{OpenCores}},
  title        = {WISHBONE System-on-Chip (SoC) Interconnection Architecture for Portable IP Cores, Revision B4},
  year         = {2010},
  url          = {https://cdn.opencores.org/downloads/wbspec_b4.pdf},
  note         = {Accessed: 2025-07-02}
}

@manual{axi_spec,
  author       = {{ARM Ltd.}},
  title        = {AMBA AXI and ACE Protocol Specification, Issue E},
  year         = {2022},
  organization = {ARM Ltd.},
  url          = {https://developer.arm.com/documentation/ihi0022/e},
  note         = {Accessed: 2025-07-02}
}

@manual{axi_lite_spec,
  author       = {{ARM Ltd.}},
  title        = {AMBA AXI4-Lite Protocol Specification},
  year         = {2010},
  organization = {ARM Ltd.},
  url          = {https://developer.arm.com/documentation/ihi0022/b},
  note         = {Accessed: 2025-07-02}
}


@inproceedings{dutertre2011review,
  title={Review of fault injection mechanisms and consequences on countermeasures design},
  author={Dutertre, Jean-Max and Fournier, Jacques JA and Mirbaha, Amir-Pasha and Naccache, David and Rigaud, Jean-Baptiste and Robisson, Bruno and Tria, Assia},
  booktitle={2011 6th International Conference on Design \& Technology of Integrated Systems in Nanoscale Era (DTIS)},
  pages={1--6},
  year={2011},
  publisher={IEEE}
}

@inproceedings{manssour2022processor,
  title={Processor extensions for hardware instruction replay against fault injection attacks},
  author={Manssour, Noura Ait and Lapotre, Vianney and Gogniat, Guy and Tisserand, Arnaud},
  booktitle={2022 25th International Symposium on Design and Diagnostics of Electronic Circuits and Systems (DDECS)},
  pages={26--31},
  year={2022},
  publisher={IEEE}
}

@article{qi2016design,
  title={Design of solid-state circuit breaker-based protection for DC shipboard power systems},
  author={Qi, Li Lisa and Antoniazzi, Antonello and Raciti, Luca and Leoni, Davide},
  journal={IEEE Journal of Emerging and Selected Topics in Power Electronics},
  volume={5},
  number={1},
  pages={260--268},
  year={2016},
  publisher={IEEE}
}

@inproceedings{avital2024enhancing,
  title={Enhancing EMI-Packaging to Protect Against Fault Injection and Side-Channel Attacks},
  author={Avital, Moshe and Weisman, Gil and Moscovitz, Doron and Levi, Itamar},
  booktitle={2024 IEEE International Conference on Microwaves, Communications, Antennas, Biomedical Engineering and Electronic Systems (COMCAS)},
  pages={1--6},
  year={2024},
  publisher={IEEE}
}

@inproceedings{fanjas2022combined,
  title={Combined fault injection and real-time side-channel analysis for android secure-boot bypassing},
  author={Fanjas, Cl{\'e}ment and Gaine, Cl{\'e}ment and Aboulkassimi, Driss and Ponti{\'e}, Simon and Potin, Olivier},
  booktitle={International Conference on Smart Card Research and Advanced Applications},
  pages={25--44},
  year={2022},
  publisher={Springer}
}

@inproceedings{patrick2017lightweight,
  title={Lightweight fault attack resistance in software using intra-instruction redundancy},
  author={Patrick, Conor and Yuce, Bilgiday and Ghalaty, Nahid Farhady and Schaumont, Patrick},
  booktitle={Selected Areas in Cryptography--SAC 2016: 23rd International Conference, St. John's, NL, Canada, August 10-12, 2016, Revised Selected Papers 23},
  pages={231--244},
  year={2017},
  publisher={Springer}
}

@article{wang2016against,
  title={Against double fault attacks: Injection effort model, space and time randomization based countermeasures for reconfigurable array architecture},
  author={Wang, Bo and Liu, Leibo and Deng, Chenchen and Zhu, Min and Yin, Shouyi and Wei, Shaojun},
  journal={IEEE Transactions on Information Forensics and Security},
  volume={11},
  number={6},
  pages={1151--1164},
  year={2016},
  publisher={IEEE}
}

@inproceedings{ramezanpour2019fima,
  title={FIMA: fault intensity map analysis},
  author={Ramezanpour, Keyvan and Ampadu, Paul and Diehl, William},
  booktitle={International Workshop on Constructive Side-Channel Analysis and Secure Design},
  pages={63--79},
  year={2019},
  organization={Springer}
}

@inproceedings{dobraunig2018statistical,
  title={Statistical ineffective fault attacks on masked AES with fault countermeasures},
  author={Dobraunig, Christoph and Eichlseder, Maria and Gro{\ss}, Hannes and Mangard, Stefan and Mendel, Florian and Primas, Robert},
  booktitle={Advances in Cryptology--ASIACRYPT 2018},
  pages={315--342},
  year={2018},
  organization={Springer}
}

@inproceedings{Barry2016,
  author = {Barry, Thierno and Courouss\'{e}, Damien and Robisson, Bruno},
  title = {Compilation of a Countermeasure Against Instruction-Skip Fault Attacks},
  booktitle = {Third Workshop on Cryptography and Security in Computing Systems (CS2)},
  series = {CS2 '16},
  publisher = {Association for Computing Machinery},
  pages = {1--6},
  year = {2016},
  doi = {10.1145/2858930.2858931},
  isbn = {9781450340656}
}

@inproceedings{Barenghi2010,
  author = {Barenghi, Alessandro and Breveglieri, Luca and Koren, Israel and Pelosi, Gerardo and Regazzoni, Francesco},
  title = {Countermeasures Against Fault Attacks on Software Implemented AES: Effectiveness and Cost},
  booktitle = {5th Workshop on Embedded Systems Security (WESS)},
  publisher = {Association for Computing Machinery},
  address = {New York, NY, USA},
  article = {7},
  year = {2010},
  doi = {10.1145/1873548.1873555},
  isbn = {9781450300780}
}

@inproceedings{Kiaei2021,
  author = {Kiaei, Pantea and Breunesse, Cees-Bart and Ahmadi, Mohsen and Schaumont, Patrick and van Woudenberg, Jasper},
  title = {Rewrite to Reinforce: Rewriting the Binary to Apply Countermeasures Against Fault Injection},
  booktitle = {In 58th ACM/IEEE Design Automation Conference (DAC)},
  publisher = {Association for Computing Machinery},
  address = {New York, NY, USA},
  pages = {319--324},
  year = {2021},
  doi = {10.1109/DAC18074.2021.9586278}
}

@article{Shukla2023,
  author = {Shukla, Satyam and Utkarsh and Azam, Md and Ray, Kailash Chandra},
  title = {An Efficient Fault-Tolerant Instruction Decoder for RISC-V Based Dual-Core Soft-Processors},
  journal = {IEEE Transactions on Circuits and Systems I: Regular Papers},
  volume = {70},
  number = {12},
  pages = {4816--4825},
  year = {2023},
  doi = {10.1109/TCSI.2023.3315604}
}

@article{Ramos2018,
  author = {Ramos, Alexis and Ullah, Anees and Reviriego, Pedro and Maestro, Juan Antonio},
  title = {Efficient Protection of the Register File in Soft-Processors Implemented on Xilinx FPGAs},
  journal = {IEEE Transactions on Computers},
  volume = {67},
  number = {2},
  pages = {299--304},
  year = {2018},
  doi = {10.1109/TC.2017.2737996}
}

@inproceedings{zgheib2023cifer,
  author    = {Anthony Zgheib and Olivier Potin and Jean-Baptiste Rigaud and Jean-Max Dutertre},
  title     = {CIFER: Code integrity and control flow verification for programs executed on a {RISC-V} core},
  booktitle = {Proceedings of the 2023 IEEE International Symposium on Hardware Oriented Security and Trust (HOST)},
  year      = {2023},
  pages     = {100--110},
  doi       = {10.1109/HOST55118.2023.10133542}
}

@inproceedings{chamelot2022scifi,
  author    = {Thomas Chamelot and Damien Couroussé and Karine Heydemann},
  title     = {SCI-FI: Control signal, code, and control flow integrity against fault injection attacks},
  booktitle = {Proceedings of the 2022 Design, Automation \& Test in Europe Conference \& Exhibition (DATE)},
  year      = {2022},
  pages     = {556--559},
  doi       = {10.23919/DATE54114.2022.9774685}
}

@inproceedings{werner2019riscv,
  author    = {Mario Werner and Robert Schilling and Thomas Unterluggauer and Stefan Mangard},
  title     = {Protecting {RISC-V} processors against physical attacks},
  booktitle = {Proceedings of the 2019 Design, Automation \& Test in Europe Conference \& Exhibition (DATE)},
  year      = {2019},
  pages     = {1136--1141},
  doi       = {10.23919/DATE.2019.8714811}
}

@inproceedings{nasahl2021arm,
  author    = {Pascal Nasahl and Robert Schilling and Stefan Mangard},
  title     = {Protecting indirect branches against fault attacks using {ARM} pointer authentication},
  booktitle = {Proceedings of the 2021 IEEE International Symposium on Hardware Oriented Security and Trust (HOST)},
  year      = {2021},
  pages     = {68--79},
  doi       = {10.1109/HOST49136.2021.9702268}
}

@inproceedings{Schilling2021,
  author = {Schilling, Robert and Nasahl, Pascal and Weiglhofer, Stefan and Mangard, Stefan},
  title = {SecWalk: Protecting Page Table Walks Against Fault Attacks},
  booktitle = {IEEE International Symposium on Hardware Oriented Security and Trust (HOST)},
  publisher = {Association for Computing Machinery},
  address = {New York, NY, USA},
  pages = {56--67},
  year = {2021},
  doi = {10.1109/HOST49136.2021.9702269}
}

@incollection{yuce2016fame,
  title={FAME: Fault-attack aware microprocessor extensions for hardware fault detection and software fault response},
  author={Yuce, Bilgiday and Ghalaty, Nahid F and Deshpande, Chinmay and Patrick, Conor and Nazhandali, Leyla and Schaumont, Patrick},
  booktitle={Proceedings of the Hardware and Architectural Support for Security and Privacy 2016},
  pages={1--8},
  year={2016}
}

@article{elbaz2009hardware,
  title={Hardware mechanisms for memory authentication: A survey of existing techniques and engines},
  author={Elbaz, Reouven and Champagne, David and Gebotys, Catherine and Lee, Ruby B and Potlapally, Nachiketh and Torres, Lionel},
  journal={Transactions on Computational Science IV: Special Issue on Security in Computing},
  pages={1--22},
  year={2009},
  publisher={Springer}
}

@article{pinto2019demystifying,
  title={Demystifying arm trustzone: A comprehensive survey},
  author={Pinto, Sandro and Santos, Nuno},
  journal={ACM computing surveys (CSUR)},
  volume={51},
  number={6},
  pages={1--36},
  year={2019},
  publisher={ACM New York, NY, USA}
}

@incollection{mckeen2016intel,
  title={Intel{\textregistered} software guard extensions (intel{\textregistered} sgx) support for dynamic memory management inside an enclave},
  author={McKeen, Frank and Alexandrovich, Ilya and Anati, Ittai and Caspi, Dror and Johnson, Simon and Leslie-Hurd, Rebekah and Rozas, Carlos},
  booktitle={Proceedings of the Hardware and Architectural Support for Security and Privacy 2016},
  pages={1--9},
  year={2016}
}

@phdthesis{beekman2016improving,
  title={Improving cloud security using secure enclaves},
  author={Beekman, Jethro Gideon},
  year={2016},
  school={UC Berkeley}
}

@inproceedings{hua2012barrier,
  title={Barrier: a lightweight hypervisor for protecting kernel integrity via memory isolation},
  author={Hua, Jingyu and Sakurai, Kouichi},
  booktitle={Proceedings of the 27th Annual ACM Symposium on Applied Computing},
  pages={1470--1477},
  year={2012}
}

@inproceedings{Schilling2018,
  author = {Schilling, Robert and Werner, Mario and Nasahl, Pascal and Mangard, Stefan},
  title = {Pointing in the Right Direction - Securing Memory Accesses in a Faulty World},
  booktitle = {Proceedings of the 34th Annual Computer Security Applications Conference (ACSAC)},
  publisher = {Association for Computing Machinery},
  address = {New York, NY, USA},
  pages = {595--604},
  year = {2018},
  doi = {10.1145/3274694.3274728},
  isbn = {9781450365697}
}

@inproceedings{dureuil2016fissc,
  title={FISSC: A fault injection and simulation secure collection},
  author={Dureuil, Louis and Petiot, Guillaume and Potet, Marie-Laure and Le, Thanh-Ha and Crohen, Aude and de Choudens, Philippe},
  booktitle={Computer Safety, Reliability, and Security: 35th International Conference, SAFECOMP 2016, Trondheim, Norway, September 21-23, 2016, Proceedings 35},
  pages={3--11},
  year={2016},
  publisher={Springer}
}

@INPROCEEDINGS{PLG-24-dsd,
  title={Scripting the Unpredictable: Automate Fault Injection in RTL Simulation for Vulnerability Assessment},
  author={William, Pensec and Vianney, Lap{\^o}tre and Guy, Gogniat},
  booktitle={2024 27th Euromicro Conference on Digital System Design (DSD)},
  pages={369--376},
  year={2024},
  organization={IEEE}
}

@misc{wishbonewiki,
    author       = {{Wikipedia contributors}},
    title        = {{Wishbone (computer bus) -- Wikipedia, The Free Encyclopedia}},
    year         = {2024},
    url          = {https://en.wikipedia.org/wiki/Wishbone_(computer_bus)},
    note         = {Accessed: 2025-03-20}
}

@article{litex,
  title={LiteX: an open-source SoC builder and library based on Migen Python DSL},
  author={Kermarrec, Florent and Bourdeauducq, S{\'e}bastien and Lann, Jean-Christophe Le and Badier, Hannah},
  journal={arXiv preprint arXiv:2005.02506},
  year={2020}
}